@article{mitchell1991weighted,
  title={The weighted region problem: finding shortest paths through a weighted planar subdivision},
  author={Mitchell, Joseph SB and Papadimitriou, Christos H},
  journal={Journal of the ACM (JACM)},
  volume={38},
  number={1},
  pages={18--73},
  year={1991},
  publisher={ACM}
}

@article{knuth1984literate,
  title={Literate programming},
  author={Knuth, Donald Ervin},
  journal={The Computer Journal},
  volume={27},
  number={2},
  pages={97--111},
  year={1984},
  publisher={Oxford University Press}
}

@misc{briggs2001nuweb,
  title={Nuweb Version 1.0 b1: A Simple Literate Programming Tool},
  author={Briggs, Preston and Ramsdell, JOHN D and Mengel, MARC W},
  year={2001},
  publisher={Available at nuweb. sourceforge. net}
}