@Comment ██████╗  █████╗  ██████╗██╗  ██╗ █████╗  ██████╗ ███████╗    ██╗  ██╗ █████╗ ███╗   ██╗██████╗  ██████╗ ███████╗███████╗
@Comment ██╔══██╗██╔══██╗██╔════╝██║ ██╔╝██╔══██╗██╔════╝ ██╔════╝    ██║  ██║██╔══██╗████╗  ██║██╔══██╗██╔═══██╗██╔════╝██╔════╝
@Comment ██████╔╝███████║██║     █████╔╝ ███████║██║  ███╗█████╗      ███████║███████║██╔██╗ ██║██║  ██║██║   ██║█████╗  █████╗  
@Comment ██╔═══╝ ██╔══██║██║     ██╔═██╗ ██╔══██║██║   ██║██╔══╝      ██╔══██║██╔══██║██║╚██╗██║██║  ██║██║   ██║██╔══╝  ██╔══╝  
@Comment ██║     ██║  ██║╚██████╗██║  ██╗██║  ██║╚██████╔╝███████╗    ██║  ██║██║  ██║██║ ╚████║██████╔╝╚██████╔╝██║     ██║     
@Comment ╚═╝     ╚═╝  ╚═╝ ╚═════╝╚═╝  ╚═╝╚═╝  ╚═╝ ╚═════╝ ╚══════╝    ╚═╝  ╚═╝╚═╝  ╚═╝╚═╝  ╚═══╝╚═════╝  ╚═════╝ ╚═╝     ╚═╝     
                                                                                                                        
@article{ma2016multi,
  title={Multi-Agent Path Finding with Payload Transfers and the Package-Exchange Robot-Routing Problem},
  author={Ma, Hang and Tovey, Craig and Sharon, Guni and Kumar, TK Satish and Koenig, Sven},
  year={2016}
}

@article{au2017multirobot,
  title={Multirobot systems},
  author={Au, Tsz-Chiu and Banerjee, Bikramjit and Dasgupta, Prithviraj and Stone, Peter},
  journal={IEEE Intelligent Systems},
  number={6},
  pages={3--5},
  year={2017},
  publisher={IEEE}
}

@inproceedings{ma2016optimal,
  title={Optimal target assignment and path finding for teams of agents},
  author={Ma, Hang and Koenig, Sven},
  booktitle={Proceedings of the 2016 International Conference on Autonomous Agents \& Multiagent Systems},
  pages={1144--1152},
  year={2016},
  organization={International Foundation for Autonomous Agents and Multiagent Systems}
}

@inproceedings{felner2017search,
  title={Search-based optimal solvers for the multi-agent pathfinding problem: Summary and challenges},
  author={Felner, Ariel and Stern, Roni and Shimony, Solomon Eyal and Boyarski, Eli and Goldenberg, 
          Meir and Sharon, Guni and Sturtevant, Nathan and Wagner, Glenn and Surynek, Pavel},
  booktitle={Tenth Annual Symposium on Combinatorial Search},
  year={2017}
}

@article{Knuth:1984:LP:473.479,
 author = {Knuth, Donald E.},
 title = {Literate Programming},
 journal = {Comput. J.},
 issue_date = {May 1984},
 volume = {27},
 number = {2},
 month = may,
 year = {1984},
 issn = {0010-4620},
 pages = {97--111},
 numpages = {15},
 url = {http://dx.doi.org/10.1093/comjnl/27.2.97},
 doi = {10.1093/comjnl/27.2.97},
 acmid = {479},
 publisher = {Oxford University Press},
 address = {Oxford, UK},
}

@article{briggs1992nuweb,
  title={Nuweb Version 0.87 b: A simple literate programming tool},
  author={Briggs, Preston},
  journal={Published on the World-Wide Web by preston@ cs. rice. edu},
  year={1992}
}

@article{mitchell2000geometric,
  title={Geometric shortest paths and network optimization},
  author={Mitchell, Joseph SB and others},
  journal={Handbook of computational geometry},
  volume={334},
  pages={633--702},
  year={2000},
  publisher={Citeseer}
}

@article{cvxpy,
  author  = {Steven Diamond and Stephen Boyd},
  title   = {{CVXPY}: A {P}ython-Embedded Modeling Language for Convex Optimization},
  journal = {Journal of Machine Learning Research},
  year    = {2016},
  volume  = {17},
  number  = {83},
  pages   = {1--5},
}


@misc{orphans,
author = {},
title = {“ORPHANS PREFERRED - Wanted: Young, skinny, wiry fellows not over eighteen. Must be expert riders, 
         willing to risk death daily.” Pony Express ad, 1860 : vintageads},
howpublished = {\url{https://www.reddit.com/r/vintageads/comments/brxqiy/orphans_preferred_wanted_young_skinny_wiry/}},
month = {},
year = {},
note = {(Accessed on 10/04/2019)}
}


@misc{PonyExpr67:online,
author = {},
title = {Pony Express - Wikipedia},
howpublished = {\url{https://en.wikipedia.org/wiki/Pony_Express}},
month = {},
year = {},
note = {(Accessed on 10/04/2019)}
}

@misc{ponyroute,
author = {},
title = {PonyExpressRoute.jpg (586×361)},
howpublished = {\url{https://www.legendsofamerica.com/wp-content/uploads/2018/05/PonyExpressRoute.jpg}},
month = {},
year = {},
note = {(Accessed on 10/04/2019)}
}

@misc{zipline,
author = {},
title = {Zipline},
howpublished = {\url{https://flyzipline.com/impact/}},
month = {},
year = {},
note = {(Accessed on 10/04/2019)}
}

@misc{zipline-ted,
author = {},
title = {How we're using drones to deliver blood and save lives | Keller Rinaudo - YouTube},
howpublished = {\url{https://www.youtube.com/watch?v=73rUjrow5pI}},
month = {},
year = {},
note = {(Accessed on 10/04/2019)}
}


@misc{matternet,
author = {},
title = {Matternet},
howpublished = {\url{https://mttr.net/company}},
month = {},
year = {},
note = {(Accessed on 10/04/2019)}
}

@misc{dabba,
	title = {{Mumbai's amazing dabbawalas}},
	year = {2019},
	month = {Oct},
	note = {[Online; accessed 9. Oct. 2019]},
	url = {http://specials.rediff.com/money/2005/nov/11spec.htm}
}


@misc{Magazine2019Oct,
	author = {Magazine, Works That Work},
	title = {{Dabbawallas: Delivering Excellence by Meena Kadri (Works That Work magazine)}},
	year = {2019},
	month = {Oct},
	note = {[Online; accessed 9. Oct. 2019]},
	url = {https://worksthatwork.com/1/dabbawallas}
}















